@Article{Federal,
 author = 	 {Federal Information},
 title = 	 {Advanced Encryptation Standard},
 journal = 	 {Processing Standards Publication 197},
 year = 	 {2001} ,
 OPTkey = 	 {},
 volume = 	 {},
 number = 	 {},
 pages = 	 {},
 OPTmonth = 	 {},
 OPTnote = 	 {},
 OPTannote = 	 {}
}

@Book{Java,
  author = 	 {Rijndael algorithm},
  ALTeditor = 	 {},
  title = 	 {\url{http://people.eku.edu/styere/Encrypt/JS-AES.html}},
  publisher = 	 {},
  year = 	 {},
  OPTkey = 	 {},
  OPTvolume = 	 {},
  OPTnumber = 	 {},
  OPTseries = 	 {},
  OPTaddress = 	 {},
  OPTedition = 	 {},
  OPTmonth = 	 {},
  note = 	 {},
  OPTannote = 	 {}
}

@Book{Hart,
  author = 	 {B. Hartley and T.O. Hawkes},
  ALTeditor = 	 {},
  title = 	 {Rings, Modules and Linear Algebra},
  publisher = 	 {Chapman and Hall},
  year = 	 {1970},
  OPTkey = 	 {},
  OPTvolume = 	 {},
  OPTnumber = 	 {},
  OPTseries = 	 {},
  OPTaddress = 	 {},
  OPTedition = 	 {},
  OPTmonth = 	 {},
  note = 	 {},
  OPTannote = 	 {}
}

@Book{Hilton,
  author = 	 {P.J. Hilton and Yel-Chiang Wu},
  ALTeditor = 	 {},
  title = 	 {Curso de Álgebra Moderna},
  publisher = 	 {Reverté},
  year = 	 {1977},
  OPTkey = 	 {},
  OPTvolume = 	 {},
  OPTnumber = 	 {},
  OPTseries = 	 {},
  OPTaddress = 	 {},
  OPTedition = 	 {},
  OPTmonth = 	 {},
  note = 	 {},
  OPTannote = 	 {}
}
@Book{Hunger,
  author = 	 {T.W. Hungerford},
  ALTeditor = 	 {},
  title = 	 {Algebra},
  publisher = 	 {Springer-Verlag},
  year = 	 {1974},
  OPTkey = 	 {},
  OPTvolume = 	 {},
  OPTnumber = 	 {},
  OPTseries = 	 {},
  OPTaddress = 	 {},
  OPTedition = 	 {},
  OPTmonth = 	 {},
  note = 	 {},
  OPTannote = 	 {}
}


